
@misc{apollo_radiation,
  title = {Apollo radiatino analysis},
  howpublished = {\url{http://web.archive.org/web/20160301115931/http://www.braeunig.us/apollo/VABraddose.htm}},
  note = {Accessed: 2018-04-27}
} 

@book{made_to_stick,
	author = "C. Heath",
    title = "Made to stick" ,
    publisher = "Random House US",
    year = {September 2010},
}


@misc{dataset_sealeavel,
  title = {Global Mean Sea Level Time Series (seasonal signals retained)},
  howpublished = {\url{http://sealevel.colorado.edu/content/2018rel1-global-mean-sea-level-time-series-seasonal-signals-retained}},
  note = {Accessed: 2019-09-10}
}

@misc{lecture_notes,
	author = "Dr. Ir. E. Schrama",
    title = "Lecture notes on Planetary sciences and Satellite Orbit
Determination" ,
    publisher = "Delft University of Technology",
    year = {September 2019},
}

@misc{lecture2,
	author = "Dr. D. Stam",
    title = "Lecture 2 of AE4890-11 Planetary sciences" ,
    publisher = "Delft University of Technology",
    year = {September 2019},
}

@misc{flight_dyn,
	author = "M. Naeije",
    title = "Flight and Orbital Dynamics" ,
    publisher = "Delft University of Technology",
    year = {July 2018},
}

@misc{errors_MSL,
  title = {Validation and Estimation of MSL Altimetry Errors},
  howpublished = {\url{https://www.aviso.altimetry.fr/index.php?id=1627}},
  note = {Accessed: 2019-09-14}
  }
  
@book{solar_cycles,
author = "J. D. Haigh",
title = "The Earthâ€™s Climate and Its Response to Solar Variability",
publisher = "Springer, Berlin, Heidelberg",
year = {Vol 34, 2005}
}

@book{normality_boundaries,
author = "George and Mallery",
title = "SPSS for Windows Step by Step: A Simple Guide and Reference",
publisher = "Boston: Pearson",
year = {2010}
}