%example reference
@misc{apollo_radiation,
  title = {Apollo radiation analysis},
  howpublished = {\url{http://web.archive.org/web/20160301115931/http://www.braeunig.us/apollo/VABraddose.htm}},
  note = {Accessed: 2018-01-01}
} 